@book{conway2013course,
title={A course in functional analysis},
author={Conway, John B},
volume={96},
year={2013},
publisher={Springer Science \& Business Media}
}

@book{takesaki,
title={\xxx}
}
