
@book{conway97functional,
	xaddress = {New York},
	edition = {2nd ed},
	series = {Graduate texts in mathematics},
	title = {A course in functional analysis},
	isbn = {0387972455},
	number = {96},
	publisher = {Springer},
	author = {Conway, John B.},
	year = {1997},
	keywords = {Functional analysis},
	file = {[John_B._Conway]_A_course_in_functional_analysis(BookZZ.org).djvu:/home/unruh/Dropbox/GalaxyNote/zotero/storage/MPJJZBQI/[John_B._Conway]_A_course_in_functional_analysis(BookZZ.org).djvu:image/vnd.djvu}
}


@book{conway00operator,
	address = {Providence, RI},
	series = {Graduate studies in mathematics},
	title = {A course in operator theory},
	isbn = {0821820656},
	language = {eng},
	number = {21},
	publisher = {American Mathematical Society},
	author = {Conway, John B.},
	year = {2000},
	keywords = {Operatortheorie, Operator theory},
	file = {Conway - 2000 - A course in operator theory.djvu:/home/unruh/Dropbox/GalaxyNote/zotero/storage/7VFJBXRC/Conway - 2000 - A course in operator theory.djvu:image/vnd.djvu}
}


@book{lax02functional,
	xaddress = {New York},
	title = {Functional analysis},
	isbn = {0471556041},
	publisher = {Wiley},
	author = {Lax, Peter D.},
	year = {2002},
	keywords = {Functional analysis}
}

                  

@book{davies76open,
	xaddress = {London; New York},
	title = {Quantum theory of open systems},
	isbn = 0122061500,
	publisher = {Academic Press},
	author = {Davies, E. B.},
	year = 1976,
	keywords = {Functional analysis, Open systems (Physics), Quantum theory},
	file = {[E.B._Davis]_Quantum_Theory_of_Open_Systems(BookZZ.org).djvu:/home/unruh/Dropbox/GalaxyNote/zotero/storage/W7KB7SCW/[E.B._Davis]_Quantum_Theory_of_Open_Systems(BookZZ.org).djvu:image/vnd.djvu}
}




@book{blank08hilbert,
	xaddress = {New York, NY},
	edition = {2. ed},
	series = {Theoretical and mathematical physics},
	title = {Hilbert space operators in quantum physics},
	isbn = {9781402088698 9781402088698 9781402088704},
	language = {eng},
	publisher = {Springer},
	author = {Blank, Ji\v{r}\'i and Exner, Pavel and Havl\'i\v{c}ek, Miloslav},
	year = 2008,
	keywords = {Hilbert-Raum, Hilbert space, Lehrbuch, Linearer Operator, Mathematical physics, Quantenphysik, Quantum theory},
}














@Misc{skoufranis14completely,
  key = 	 {Paul Skoufranis},
  title = 	 {Completely Positive Maps},
  howpublished = {\url{http://www.math.tamu.edu/~pskoufra/OANotes-CompletelyPositiveMaps.pdf}},
	month = aug,
	year = 2014}



@book{nielsenchuang-10year,
	address={Cambridge},
	author={Nielsen, Michael A. and Chuang, Isaac L.},
	edition={10th anniversary},
	isbn={978-1107002173},
	publisher={Cambridge University Press},
	title={Quantum Computation and Quantum Information},
	year=2010,
}

@inproceedings{certicrypt,
	author={Gilles Barthe and Benjamin Gr{\'e}goire and Santiago {Zanella B{\'e}guelin}},
	booktitle={POPL 2009},
	pages={90--101},
	publisher={ACM},
	title={Formal Certification of Code-Based Cryptographic Proofs},
	doi={10.1145/1480881.1480894},
	year=2009,
}

@article{dolev-yao,
	author={Danny Dolev and Andrew C. Yao},
	journal={Transactions on Information Theory},
	number=2,
	pages={198--208},
	title={On the Security of Public Key Protocols},
	volume=29,
	year=1983,
}

@article{AbRo_02,
	author={Mart{\'\i}n Abadi and Phillip Rogaway},
	journal={J Cryptology},
	number=2,
	pages={103--127},
	title={Reconciling two views of cryptography (The computational soundness 
			 of formal encryption)},
	volume=15,
	year=2002,
}


@misc{certicrypt-web,
	howpublished={\url{http://certicrypt.gforge.inria.fr/}},
	note={Accessed 2018-10-24},
	title={CertiCrypt: Computer-Aided Cryptographic Proofs in Coq},
}

@inproceedings{easycrypt,
	author={Gilles Barthe and Benjamin Gr{\'e}goire and Sylvain Heraud and Santiago
	{Zanella B{\'e}guelin}},
	booktitle={Crypto 2011},
	file={:/Users/tiina/Desktop/Thesis/Documents/papers/2012-05-tiina-bachelors-thesis/References/easyCrypt and certicrypt (best papar award).pdf:PDF},
	pages={71-90},
	publisher={Springer},
	series={LNCS},
	title={Computer-Aided Security Proofs for the Working Cryptographer},
	xurl={http://certicrypt.gforge.inria.fr/2011.CRYPTO.pdf},
	volume=6841,
	year=2011,
}

@misc{easycrypt-web,
	howpublished={\url{https://www.easycrypt.info/trac/}},
	note={Accessed 2017-11-05},
	title={EasyCrypt: Computer-Aided Cryptographic Proofs},
}

@inproceedings{Bennett:1984:Quantum,
	author={Bennett, Charles H. and Brassard, Gilles},
	booktitle={Computers, Systems and Signal Processing},
	pages={175--179},
	publisher={IEEE},
	title={Quantum cryptography: Public-key distribution and coin tossing},
	year=1984,
}

@article{wiesner83conjugate,
	xaddress={New York, NY, USA},
	author={Wiesner, Stephen},
	doi={http://doi.acm.org/10.1145/1008908.1008920},
	issn={0163-5700},
	journal={SIGACT News},
	note={Manuscript written ca.~1970},
	number=1,
	pages={78--88},
	publisher={{ACM}},
	title={Conjugate coding},
	volume=15,
	year=1983,
}

@misc{proofgeneral,
	author={{The PG dev team}},
	howpublished={\url{https://proofgeneral.github.io/}},
	note={Accessed 2018-10-24},
	title={Proof General (A generic Emacs interface for proof assistants)},
}

@book{isabelle,
	author={T. Nipkow and L. Paulson and M. Wenzel},
	publisher={Springer},
	series={LNCS},
	title={{Isabelle}/{HOL}: A Proof Assistant for Higher-Order Logic},
	volume=2283,
	year=2002,
}

@misc{isabelle-web,
	howpublished={\url{https://isabelle.in.tum.de/}},
	note={Accessed 2017-11-05},
	title={{Isabelle}},
}

@article{chsh,
  title = {Proposed Experiment to Test Local Hidden-Variable Theories},
  author = {Clauser, John F. and Horne, Michael A. and Shimony, Abner and Holt, Richard A.},
  journal = {Phys. Rev. Lett.},
  volume = {23},
  issue = {15},
  pages = {880--884},
  numpages = {0},
  year = {1969},
  month = {Oct},
  publisher = {American Physical Society},
  doi = {10.1103/PhysRevLett.23.880},
}

@misc{libisabelle,
  author       = {Lars Hupel and
                  Frank S. Thomas and
                  Alexandre Archambault},
  title        = {larsrh/libisabelle: libisabelle 0.9.2},
  month        = oct,
  year         = 2017,
  doi          = {10.5281/zenodo.1012471},
}





@Misc{scala-isabelle,
  author = 	 {Dominique Unruh},
  title = 	 {{scala-isabelle} -- A {Scala} library for controlling/interacting with {Isabelle}},
  howpublished = {\url{https://github.com/dominique-unruh/scala-isabelle}},
  year = 	 2022}

@misc{cryptoverif-web,
	howpublished={\url{http://prosecco.gforge.inria.fr/personal/bblanche/cryptoverif/}},
	title={CryptoVerif: Cryptographic protocol verifier in the computational model},
	note={Accessed 2018-10-24},
}

@inproceedings{cryptoverif,
	author={Blanchet, Bruno},
	booktitle={Security and Privacy},
	pages={140--154},
	publisher={IEEE},
	title={A Computationally Sound Mechanized Prover for Security Protocols},
	year=2006,
}


@MISC{mo-conj-normal,
    TITLE = {Are symmetric matrices a maximal subspace of conjugate-normal matrices},
    AUTHOR = {Chris Ramsey},
    HOWPUBLISHED = {MathOverflow answer (version: 2017-11-08)},
    URL = {https://mathoverflow.net/q/285559}
}

@MISC {mo-schmidt,
    TITLE = {Schmidt decomposition on infinite-dimensional Hilbert spaces},
    AUTHOR = {Tom Mainiero},
    HOWPUBLISHED = {MathOverflow answer (version: 2017-09-12)},
    URL = {https://mathoverflow.net/q/281012}
}

@Misc{github-source,
  author = 	 {Dominique Unruh},
  title = 	 {dominique-unruh/qrhl-tool: Prototype proof assistant for {qRHL}},
  howpublished = {GitHub},
  url = {https://github.com/dominique-unruh/qrhl-tool},
  year = 	 2018}

@Misc{qrhl-paper-from-manual,
  author = 	 {Dominique Unruh},
  title = 	 {Quantum Relational Hoare Logic},
  howpublished = {\href{https://arxiv.org/abs/1802.03188v2}{arXiv:1802.03188v2} [quant-ph]},
  note = {Published at POPL as \cite{qrhl-popl}},
  year = 	 2019}


@article{dhondt06weakest,
	acmid=1166037,
	xaddress={New York, NY, USA},
	author={D'Hondt, Ellie and Panangaden, Prakash},
	doi={10.1017/S0960129506005251},
	issn={0960-1295},
	issue_date={June 2006},
	journal={Mathematical. Structures in Comp. Sci.},
	month=jun,
	number=3,
	numpages=23,
	pages={429--451},
	publisher={Cambridge University Press},
	title={Quantum Weakest Preconditions},
	volume=16,
	year=2006,
}

@Article{tsirelson,
author="Cirel'son, B. S.",
title="Quantum generalizations of Bell's inequality",
journal="Letters in Mathematical Physics",
year="1980",
month="Mar",
day="01",
volume="4",
number="2",
pages="93--100",
abstract="Even though quantum correlations violate Bell's inequality, they satisfy weaker inequalities of a similar type. Some particular inequalities of this kind are proved here. The more general case of instruments located in different space-time regions is also discussed in some detail.",
issn="1573-0530",
doi="10.1007/BF00417500",
}

@INPROCEEDINGS{cleve04nonlocal,
author={R. Cleve and P. Hoyer and B. Toner and J. Watrous},
booktitle={CCC 2004},
title={Consequences and limits of nonlocal strategies},
year={2004},
volume={},
number={},
pages={236-249},
keywords={game theory;quantum computing;quantum entanglement;Tsirelson inequality;cooperative games;information sharing;interactive proof systems;nonlocal strategy consequences;nonlocal strategy limits;quantum entanglement;quantum information;quantum strategies;Computational complexity;Computer science;Game theory;Information science;Physics;Quantum computing;Quantum entanglement;Upper bound},
doi={10.1109/CCC.2004.1313847},
ISSN={1093-0159},
month={June},}

@inproceedings{benton04relational,
 author = {Benton, Nick},
 title = {Simple Relational Correctness Proofs for Static Analyses and Program Transformations},
 booktitle = {POPL '04},
 year = {2004},
 isbn = {1-58113-729-X},
 xlocation = {Venice, Italy},
 pages = {14--25},
 numpages = {12},
 doi = {10.1145/964001.964003},
 acmid = {964003},
 publisher = {ACM},
 xaddress = {New York, NY, USA},
 keywords = {Hoare logic, denotational semantics, dependency, information flow, optimizing compilation, partial equivalence relations, program analysis, security, types},
}


@manual{sage,
  Key          = {Sage},
  Author       = {W. A. Stein and others},
  Organization = {The Sage Development Team},
  Title        = {{S}age {M}athematics {S}oftware ({V}ersion 5.12)},
  note         = {\url{http://www.sagemath.org}},
  Year         = 2014,
}

@article{bennett93teleport,
  title = {Teleporting an unknown quantum state via dual classical and Einstein-Podolsky-Rosen channels},
  author = {Bennett, Charles H. and Brassard, Gilles and Cr\'epeau, Claude and Jozsa, Richard and Peres, Asher and Wootters, William K.},
  journal = {Phys. Rev. Lett.},
  volume = {70},
  issue = {13},
  pages = {1895--1899},
  numpages = {0},
  year = {1993},
  month = {Mar},
  publisher = {American Physical Society},
  doi = {10.1103/PhysRevLett.70.1895},
}


@Misc{isabelle-tutorial,
  author = 	 {Tobias Nipkow},
  title = 	 {Programming and Proving in {Isabelle/HOL}},
  howpublished = {\url{https://isabelle.in.tum.de/dist/Isabelle2021-1/doc/prog-prove.pdf}},
  year = 	 2021}



@Misc{isar-ref,
  author = 	 {Makarius Wenzel},
  title = 	 {The Isabelle/Isar Reference Manual},
  howpublished = {\url{https://isabelle.in.tum.de/dist/Isabelle2021-1/doc/isar-ref.pdf}},
  year = 	 2021}

@Misc{isabelle-codegen,
  author = 	 {Florian Haftmann},
  title = 	 {Code generation from Isabelle/HOL theories},
  howpublished = {\url{https://isabelle.in.tum.de/dist/Isabelle2021-1/doc/codegen.pdf}},
  year = 2021}


@Misc{isabelle-jedit,
  author = 	 {Makarius Wenzel},
  title = 	 {Isabelle/jEdit},
  howpublished = {\url{https://isabelle.in.tum.de/dist/Isabelle2021-1/doc/jedit.pdf}},
  year = 2021}

@article{Jordan_Normal_Form-AFP,
  author  = {Ren\'e Thiemann and Akihisa Yamada},
  title   = {Matrices, Jordan Normal Forms, and Spectral Radius Theory},
  journal = {Archive of Formal Proofs},
  month   = aug,
  year    = 2015,
  note    = {\url{http://isa-afp.org/entries/Jordan_Normal_Form.html},
            Formal proof development},
  ISSN    = {2150-914x},
}


@inproceedings{BeRo_94,
	author={Mihir Bellare and Phillip Rogaway},
	booktitle={Eurocrypt '94},
	pages={92-111},
	publisher={Springer},
	series={LNCS},
	title={Optimal Asymmetric Encryption},
	volume=950,
	year=1994,
}



@article{JC:Shoup02,
	author={Victor Shoup},
	journal={J Cryptology},
	number=4,
	pages={223--249},
	publisher={Springer},
	title={{OAEP} Reconsidered},
	volume=15,
	year=2002,
}

@inproceedings{C:FOPS01,
	author={Eiichiro Fujisaki and
                  Tatsuaki Okamoto and
                  David Pointcheval and
                  Jacques Stern},
	booktitle={Crypto '01},
	volume=2139,
	publisher={Springer},
	series={LNCS},
	pages={260--274},
	title={{RSA-OAEP} Is Secure under the {RSA} Assumption},
}


@article{JC:FOPS04,
	author={Eiichiro Fujisaki and
                  Tatsuaki Okamoto and
                  David Pointcheval and
                  Jacques Stern},
	journal={J Cryptology},
	number=2,
	pages={81--104},
	publisher={Springer},
	title={{RSA}-{OAEP} Is Secure under the {RSA} Assumption},
	volume=17,
	year=2004,
}


@inproceedings{RSA:BGLZ11,
	author={Gilles Barthe and
                  Benjamin Gr{\'e}goire and
                  Yassine Lakhnech and
                  Santiago {Zanella B{\'e}guelin}},
	publisher={Springer},
	booktitle={CT-RSA 2011},
	series={LNCS},
	volume=6558,
	pages={180--196},
	title={Beyond Provable Security Verifiable {IND}-{CCA} Security of {OAEP}},
}


@inproceedings{EC:BelRog06,
	author={Mihir Bellare and
                  Phillip Rogaway},
	publisher={Springer},
	series={LNCS},
booktitle={Eurocrypt 2006},
volume=4004,
	pages={409--426},
	title={The Security of Triple Encryption and a Framework for Code-Based Game-Playing Proofs},
}

@Misc{qrhl-manual,
  author = 	 {Dominique Unruh},
  title = 	 {qRHL tool -- Manual},
  url = {https://www.ut.ee/~unruh/qrhl-manual.pdf},
  year = 	 2018}


@Misc{crypthol,
  author = 	 {David A. Basin and Andreas Lochbihler and S. Reza Sefidgar},
  title = 	 {{CryptHOL}: Game-based Proofs in Higher-order Logic},
  howpublished = {IACR ePrint 2017/753},
  year = 	 2017,
  xurl = {https://eprint.iacr.org/2017/753}}



@article{chadha06reasoning,
 author = {Chadha, R. and Mateus, P. and Sernadas, A.},
 title = {Reasoning About Imperative Quantum Programs},
 journal = {ENTCS},
 issue_date = {May, 2006},
 volume = {158},
 month = may,
 year = {2006},
 issn = {1571-0661},
 pages = {19--39},
 numpages = {21},
 doi = {10.1016/j.entcs.2006.04.003},
 acmid = {1706827},
 publisher = {Elsevier Science Publishers B. V.},
 address = {Amsterdam, The Netherlands, The Netherlands},
 keywords = {Hoare logic, Quantum imperative programs, exogenous semantics},
} 


@article{feng07proof,
title = "Proof rules for the correctness of quantum programs",
journal = "Theoretical Computer Science",
volume = "386",
number = "1",
pages = "151-166",
year = "2007",
note = "",
issn = "0304-3975",
doi = "http://dx.doi.org/10.1016/j.tcs.2007.06.011",
author = "Yuan Feng and Runyao Duan and Zhengfeng Ji and Mingsheng Ying",
}


@article{ying12floyd,
 author = {Ying, Mingsheng},
 title = {{Floyd--Hoare} Logic for Quantum Programs},
 journal = {ACM Trans. Program. Lang. Syst.},
 volume = {33},
 number = {6},
 xmonth = jan,
 year = {2012},
 issn = {0164-0925},
 pages = {19:1--19:49},
 articleno = {19},
 numpages = {49},
 doi = {10.1145/2049706.2049708},
 acmid = {2049708},
 publisher = {ACM},
 xaddress = {New York, NY, USA},
 keywords = {Floyd--Hoare logic, Quantum computation, axiomatic semantics, completeness, programming language},
} 

@Book{ying-book,
  author = 	 {Ying, Mingsheng},
  title = 	 {Foundations of Quantum Programming},
  publisher = 	 {Morgan Kaufmann},
  year = 	 2016,
  xedition = 	 {1.~edition},
isbn = 9780128025468
}




@inproceedings{feng15toward,
  author    = {Yuan Feng and
               Mingsheng Ying},
  title     = {Toward Automatic Verification of Quantum Cryptographic Protocols},
  booktitle = {CONCUR 2015},
  pages     = {441-455},
  year      = {2015},
  doi       = {10.4230/LIPIcs.CONCUR.2015.441},
  xeditor    = {Luca Aceto and
               David de Frutos{-}Escrig},
  series    = {LIPIcs},
  volume    = {42},
  publisher = {Schloss Dagstuhl -- Leibniz-Zentrum fuer Informatik},
  isbn      = {978-3-939897-91-0},
}


@article{shor-preskill,
	author={Shor, Peter W. and Preskill, John },
	doi={10.1103/PhysRevLett.85.441},
	journal={Phys. Rev. Lett.},
	month={Jul},
	number=2,
	numpages=3,
	pages={441--444},
	publisher={American Physical Society},
	title={Simple Proof of Security of the BB84 Quantum Key Distribution Protocol},
	volume=85,
	year=2000,
}



@inproceedings{ardeshir13equivalence,
author="Ardeshir-Larijani, Ebrahim
and Gay, Simon J.
and Nagarajan, Rajagopal",
xeditor="Piterman, Nir
and Smolka, Scott A.",
title="Equivalence Checking of Quantum Protocols",
bookTitle="TACAS 2013",
year="2013",
publisher="Springer",
pages="478--492",
isbn="978-3-642-36742-7",
doi="10.1007/978-3-642-36742-7_33",
}


@inproceedings{ardeshir14verification,
author="Ardeshir-Larijani, Ebrahim
and Gay, Simon J.
and Nagarajan, Rajagopal",
xeditor="{\'A}brah{\'a}m, Erika
and Havelund, Klaus",
title="Verification of Concurrent Quantum Protocols by Equivalence Checking",
bookTitle="TACAS 2014",
year="2014",
publisher="Springer",
pages="500--514",
isbn="978-3-642-54862-8",
doi="10.1007/978-3-642-54862-8_42",
}

@InProceedings{kubota12application,
  author = 	 {Takahiro Kubota and Yoshihiko Kakutani and Go Kato and Yasuhito Kawano and Hideki Sakurada},
  title = 	 {Application of a Process Calculus to
Security Proofs of Quantum Protocols},
  booktitle = {FCS '12},
  year = 	 2012,
  pages = 	 {141-147}}

@inproceedings{kubota13automated,
  author    = {Takahiro Kubota and Yoshihiko Kakutani and Go Kato and Yasuhito Kawano and Hideki Sakurada},
  title     = {Automated Verification of Equivalence on Quantum Cryptographic Protocols},
  booktitle = {SCSS 2013},
  xeditor    = {Laura Kovacs and Temur Kutsia},
  series    = {EPiC Series in Computing},
  volume    = {15},
  pages     = {64-69},
  year      = {2013},
  publisher = {EasyChair},
  bibsource = {EasyChair, http://www.easychair.org},
  issn      = {2398-7340}}



@article{tavala11verification,
title = "Verification of Quantum Protocols with a Probabilistic Model-Checker",
journal = "ENTCS",
volume = "270",
number = "1",
pages = "175-182",
year = "2011",
note = "",
issn = "1571-0661",
doi = "http://dx.doi.org/10.1016/j.entcs.2011.01.016",
author = "Amir M. Tavala and Soroosh Nazem and Ali A. Babaei-Brojeny",
abstract = "Channel modeling is crucial for studying the behavior of quantum channels in order to build an efficient error correction scheme in addition to security verification of different protocols. While most current analyses of quantum protocols use a traditional mathematical approach, we employ a simpler probabilistic model checking which is more compatible with classical implementations to investigate the dependency of the security on the quantum channel noise. We also compare a couple of eavesdropping strategies from the security point of view."
}


@inproceedings{FCF,
author="Petcher, Adam
and Morrisett, Greg",
title="The Foundational Cryptography Framework",
bookTitle="POST 2015",
year="2015",
publisher="Springer",
pages="53-72",
abstract="We present the Foundational Cryptography Framework (FCF) for developing and checking complete proofs of security for cryptographic schemes within a proof assistant. This is a general-purpose framework that is capable of modeling and reasoning about a wide range of cryptographic schemes, security definitions, and assumptions. Security is proven in the computational model, and the proof provides concrete bounds as well as asymptotic conclusions. FCF provides a language for probabilistic programs, a theory that is used to reason about programs, and a library of tactics and definitions that are useful in proofs about cryptography. The framework is designed to leverage fully the existing theory and capabilities of the Coq proof assistant in order to reduce the effort required to develop proofs.",
isbn="978-3-662-46666-7",
doi="10.1007/978-3-662-46666-7_4",
}

@PhdThesis{verypto,
  author = 	 {Matthias Berg},
  title = 	 {Formal verification of cryptographic security proofs},
  school = 	 {Saarland University},
  year = 	 2013}



@inproceedings{fosad-easycrypt,
author="Barthe, Gilles
and Dupressoir, Fran{\c{c}}ois
and Gr{\'e}goire, Benjamin
and Kunz, C{\'e}sar
and Schmidt, Benedikt
and Strub, Pierre-Yves",
title="EasyCrypt: A Tutorial",
bookTitle="FOSAD 2012/2013 Tutorial Lectures",
year="2014",
publisher="Springer",
pages="146-166",
abstract="Cryptography plays a key role in the security of modern communication and computer infrastructures; therefore, it is of paramount importance to design cryptographic systems that yield strong security guarantees. To achieve this goal, cryptographic systems are supported by security proofs that establish an upper bound for the probability that a resource-constrained adversary is able to break the cryptographic system. In most cases, security proofs are reductionist, i.e. they construct from an (arbitrary but computationally bounded) adversary that would break the security of the cryptographic construction with some reasonable probability another computationally bounded adversary that would break a hardness assumption with reasonable probability. This approach, known as provable security, is in principle able to deliver rigorous and detailed mathematical proofs. However, new cryptographic designs (and consequently their security analyses) are increasingly complex, and there is a growing emphasis on shifting from algorithmic descriptions to implementation-level descriptions that account for implementation details, recommendations from standards when they exist, and possibly side-channels. As a consequence, cryptographic proofs are becoming increasingly error-prone and difficult to check. One promising solution to address these concerns is to develop machine-checked frameworks that support the construction and automated verification of cryptographic systems. Although many such frameworks exist for the symbolic model of cryptography, comparatively little work has been done to develop machine-checked frameworks to reason directly in the computational model commonly used by cryptographers",
isbn="978-3-319-10082-1",
doi="10.1007/978-3-319-10082-1_6",
}

@Misc{strassen,
  author    = {Li Zhou and
               Shenggang Ying and
               Nengkun Yu and
               Mingsheng Ying},
  title     = {Quantum Coupling and Strassen Theorem},
  howpublished = {\href{http://arxiv.org/abs/1803.10393}{arXiv:1803.10393} [quant-ph]},
  year = 	 2018}


@inproceedings{barthe17coupling,
 author = {Barthe, Gilles and Gr{\'e}goire, Benjamin and Hsu, Justin and Strub, Pierre-Yves},
 title = {Coupling Proofs Are Probabilistic Product Programs},
 booktitle = {Proceedings of the 44th ACM SIGPLAN Symposium on Principles of Programming Languages},
 series = {POPL 2017},
 year = {2017},
 isbn = {978-1-4503-4660-3},
 location = {Paris, France},
 pages = {161--174},
 numpages = {14},
 url = {http://doi.acm.org/10.1145/3009837.3009896},
 doi = {10.1145/3009837.3009896},
 acmid = {3009896},
 publisher = {ACM},
 address = {New York, NY, USA},
 keywords = {Formal Verification, Probabilistic Algorithms, Probabilistic Couplings, Product Programs, Relational Hoare Logic},
} 

@inproceedings{barthe15relational,
 author = {Barthe, Gilles and Espitau, Thomas and Gr{\'e}goire, Benjamin and Hsu, Justin and Stefanesco, L{\'e}o and Strub, Pierre-Yves},
 title = {Relational Reasoning via Probabilistic Coupling},
 booktitle = {Proceedings of the 20th International Conference on Logic for Programming, Artificial Intelligence, and Reasoning - Volume 9450},
 series = {LPAR-20 2015},
 year = {2015},
 isbn = {978-3-662-48898-0},
 location = {Suva, Fiji},
 pages = {387--401},
 numpages = {15},
 url = {https://doi.org/10.1007/978-3-662-48899-7_27},
 doi = {10.1007/978-3-662-48899-7_27},
 acmid = {3089632},
 publisher = {Springer-Verlag},
 address = {Berlin, Heidelberg},
} 


@article{watrous-qzk,
	author={John Watrous},
	bibsource={DBLP, http://dblp.uni-trier.de},
	journal={SIAM J Comput},
	number=1,
	pages={25-58},
	title={Zero-Knowledge against Quantum Attacks},
	volume=39,
	year=2009,
}

@inproceedings{qpok,
	author={Unruh, Dominique},
	booktitle={Eurocrypt 2012},
	metrics={\conf{46}{21}},
	pages={135-152},
	publisher={Springer},
	series={LNCS},
	title={Quantum Proofs of Knowledge},
	volume=7237,
	year=2012,
}

@inproceedings{qro-nizk,
	author={Unruh, Dominique},
	booktitle={Eurocrypt 2015},
	note={Full version is \href{http://eprint.iacr.org/2014/587}{IACR ePrint 2014/587}},
	pages={755-784},
	publisher={Springer},
	title={Non-interactive zero-knowledge proofs in the quantum random oracle model},
	volume=9057,
	year=2015,
}

@inproceedings{boneh11quantumro,
	acmid=2184026,
	author={Boneh, Dan and Dagdelen, \"{O}zg\"{u}r and Fischlin, Marc and Lehmann, Anja and Schaffner, Christian and Zhandry, Mark},
	booktitle={Asiacrypt 2011},
	doi={10.1007/978-3-642-25385-0_3},
	isbn={978-3-642-25384-3},
	keywords={encryption, quantum, random oracle, signatures},
	pages={41--69},
	publisher={Springer},
	title={Random oracles in a quantum world},
	url={http://dx.doi.org/10.1007/978-3-642-25385-0_3},
	xaddress={Berlin, Heidelberg},
	xlocation={Seoul, South Korea},
	year=2011,
}

@inproceedings{zhandry:quantum.ibe,
	author={Zhandry, Mark},
	booktitle={Crypto 2012},
	doi={10.1007/978-3-642-32009-5_44},
	isbn={978-3-642-32008-8},
	pages={758-775},
	publisher={Springer},
	series={LNCS},
	title={Secure Identity-Based Encryption in the Quantum Random Oracle Model},
	volume=7417,
	year=2012,
}


@inproceedings{zhandry12random,
	address={Los Alamitos, CA, USA},
	author={Mark Zhandry},
	booktitle={FOCS 2013},
	doi={10.1109/FOCS.2012.37},
	issn={0272-5428},
	note={Online version is \href{http://eprint.iacr.org/2012/182}{IACR ePrint 2012/182}},
	pages={679-687},
	publisher={IEEE Computer Society},
	title={How to Construct Quantum Random Functions},
	year=2012,
}

@article{qtc-jacm,
	author={Unruh, Dominique},
	journal={J ACM},
	metrics={\journ{33}{Eurocrypt 2014}{19}},
	number=6,
	pages={49:1--49:76},
	publisher={ACM},
	title={Revocable quantum timed-release encryption},
	volume=62,
	year=2015,
}

@InProceedings{kakutani09logic,
author="Kakutani, Yoshihiko",
editor="Datta, Anupam",
title="A Logic for Formal Verification of Quantum Programs",
booktitle="ASIAN 2009",
year="2009",
publisher="Springer",
address="Berlin, Heidelberg",
pages="79--93",
abstract="This paper provides a Hoare-style logic for quantum computation. While the usual Hoare logic helps us to verify classical deterministic programs, our logic supports quantum probabilistic programs. Our target programming language is QPL defined by Selinger, and our logic is an extension of the probabilistic Hoare-style logic defined by den Hartog. In this paper, we demonstrate how the quantum Hoare-style logic proves properties of well-known algorithms.",
isbn="978-3-642-10622-4"
}

@inproceedings{qpok-imposs,
	author={Ambainis, Andris and Rosmanis, Ansis and Unruh, Dominique},
	booktitle={FOCS 2014},
	metrics={\conf{32}{25}},
	pages={474-483},
	publisher={IEEE},
	title={Quantum Attacks on Classical Proof Systems (The Hardness of Quantum Rewinding)},
	year=2014,
}

@book{katz2014introduction,
	author={Katz, J. and Lindell, Y.},
	isbn={9781466570269},
	lccn=2014039042,
	publisher={Taylor \& Francis},
	series={Chapman \& Hall/CRC Cryptography and Network Security Series},
	title={Introduction to Modern Cryptography, Second Edition},
	year=2014,
}

@Misc{chsh-ec,
  author = 	 {Dominique Unruh},
  title = 	 {chsh.ec},
  howpublished = {\url{https://raw.githubusercontent.com/dominique-unruh/qrhl-tool/v0.5/examples/chsh.ec}},
  year = 	 2018}

@Misc{Chsh.thy,
  author = 	 {Dominique Unruh},
  title = 	 {Chsh.thy},
  howpublished = {\url{https://raw.githubusercontent.com/dominique-unruh/qrhl-tool/v0.5/examples/Chsh.thy}},
  year = 	 2018}

@Article{qrhl-popl,
  author = 	 {Dominique Unruh},
  title = 	 {Quantum relational {Hoare} logic},
 journal = {Proc. ACM Program. Lang.},
  year = 	 2019,
  doi = {10.1145/3290346},
  note = 	 {Full version is \cite{qrhl-paper-from-manual}},
 issue_date = {January 2019},
 volume = {3},
 number = {POPL},
 month = jan,
 issn = {2475-1421},
 pages = {33:1-33:31},
 articleno = {33},
 numpages = {31},
 url = {http://doi.acm.org/10.1145/3290346},
 acmid = {3290346},
 publisher = {ACM},
 address = {New York, NY, USA},
 keywords = {Hoare logics, Quantum cryptography, formal verification},
} 


@Misc{local-variables,
  author = 	 {Dominique Unruh},
  title = 	 {Local Variables and Quantum Relational Hoare Logic},
  year = 	 2020,
  howpublished = {\href{https://arxiv.org/abs/2007.14155}{arXiv:2007.14155} [cs.LO]}}


@inproceedings{ambainis19semiclassical,
	abstract={We present an improved version of the one-way to hiding (O2H) Theorem by Unruh, J ACM 2015. Our new O2H Theorem gives higher flexibility (arbitrary joint distributions of oracles and inputs, multiple reprogrammed points) as well as tighter bounds (removing square-root factors, taking parallelism into account). The improved O2H Theorem makes use of a new variant of quantum oracles, semi-classical oracles, where queries are partially measured. The new O2H Theorem allows us to get better security bounds in several public-key encryption schemes.},
	author={Ambainis, Andris
and Hamburg, Mike
and Unruh, Dominique},
	booktitle={Crypto 2019},
	pages={269--295},
	publisher={Springer},
	title={Quantum Security Proofs Using Semi-classical Oracles},
	xaddress={Cham},
	xeditor={Boldyreva, Alexandra
and Micciancio, Daniele},
	xisbn={978-3-030-26951-7},
	year=2019,
}

@article{bounded-operators,
  author  = {Jose Manuel Rodriguez Caballero and Dominique Unruh},
  title   = {Complex Bounded Operators},
  journal = {Archive of Formal Proofs},
  month   = sep,
  year    = 2021,
  note    = {\url{https://isa-afp.org/entries/Complex_Bounded_Operators.html},
            Formal proof development},
  ISSN    = {2150-914x},
}

@article{Real_Impl-AFP,
  author  = {René Thiemann},
  title   = {Implementing field extensions of the form Q[sqrt(b)]},
  journal = {Archive of Formal Proofs},
  month   = feb,
  year    = 2014,
  note    = {\url{https://isa-afp.org/entries/Real_Impl.html},
            Formal proof development},
  ISSN    = {2150-914x},
}


@article{Algebraic_Numbers-AFP,
  author  = {René Thiemann and Akihisa Yamada and Sebastiaan Joosten},
  title   = {Algebraic Numbers in Isabelle/HOL},
  journal = {Archive of Formal Proofs},
  month   = dec,
  year    = 2015,
  note    = {\url{https://isa-afp.org/entries/Algebraic_Numbers.html},
            Formal proof development},
  ISSN    = {2150-914x},
}

@Misc{install-instructions,
  author = 	 {Dominique Unruh},
  title = 	 {\texttt{qrhl-tool} installation instructions},
  howpublished = {\url{https://dominique-unruh.github.io/qrhl-tool/install.html}},
  year = 	 2021}


@Misc{using-afp,
  author = 	 {AFP maintainers},
  title = 	 {Referring to {AFP} Entries},
  howpublished = {\url{https://www.isa-afp.org/using.html}},
  year = 	 2021,
  note = 	 {Accessed 2022-02-15}}

@Misc{isabelle-system,
  author = 	 {Makarius Wenzel},
  title = 	 {The Isabelle System Manual},
  howpublished = {\url{https://isabelle.in.tum.de/dist/Isabelle2021-1/doc/system.pdf}},
  year = 	 2021,
  note = 	 {Also included with the Isabelle distribution itself}}

